@article{Elsheikh2012,
  doi = {10.1002/dc.22817},
  url = {https://doi.org/10.1002/dc.22817},
  year = {2012},
  month = feb,
  publisher = {Wiley},
  volume = {41},
  number = {2},
  pages = {174--178},
  author = {Tarik M. Elsheikh and R. Marshall Austin and David F. Chhieng and Fern S. Miller and Ann T. Moriarty and Andrew A. Renshaw},
  editor = {Suzanne Selvaggi},
  title = {American society of cytopathology workload recommendations for automated pap test screening: Developed by the productivity and quality assurance in the era of automated screening task force},
  journal = {Diagnostic Cytopathology}
}
@ARTICLE{9046839,

  author={Rahaman, Md Mamunur and Li, Chen and Wu, Xiangchen and Yao, Yudong and Hu, Zhijie and Jiang, Tao and Li, Xiaoyan and Qi, Shouliang},

  journal={IEEE Access}, 

  title={A Survey for Cervical Cytopathology Image Analysis Using Deep Learning}, 

  year={2020},

  volume={8},

  number={},

  pages={61687-61710},

  doi={10.1109/ACCESS.2020.2983186}}

@ARTICLE{7005499,

  author={Lu, Zhi and Carneiro, Gustavo and Bradley, Andrew P.},

  journal={IEEE Transactions on Image Processing}, 

  title={An Improved Joint Optimization of Multiple Level Set Functions for the Segmentation of Overlapping Cervical Cells}, 

  year={2015},

  volume={24},

  number={4},

  pages={1261-1272},

  doi={10.1109/TIP.2015.2389619}}

@article{Lu2017,
  doi = {10.1109/jbhi.2016.2519686},
  url = {https://doi.org/10.1109/jbhi.2016.2519686},
  year = {2017},
  month = mar,
  publisher = {Institute of Electrical and Electronics Engineers ({IEEE})},
  volume = {21},
  number = {2},
  pages = {441--450},
  author = {Zhi Lu and Gustavo Carneiro and Andrew P. Bradley and Daniela Ushizima and Masoud S. Nosrati and Andrea G. C. Bianchi and Claudia M. Carneiro and Ghassan Hamarneh},
  title = {Evaluation of Three Algorithms for the Segmentation of Overlapping Cervical Cells},
  journal = {{IEEE} Journal of Biomedical and Health Informatics}
}


@article{Marinakis2009,
  doi = {10.1016/j.compbiomed.2008.11.006},
  url = {https://doi.org/10.1016/j.compbiomed.2008.11.006},
  year = {2009},
  month = jan,
  publisher = {Elsevier {BV}},
  volume = {39},
  number = {1},
  pages = {69--78},
  author = {Yannis Marinakis and Georgios Dounias and Jan Jantzen},
  title = {Pap smear diagnosis using a hybrid intelligent scheme focusing on genetic algorithm based feature selection and nearest neighbor classification},
  journal = {Computers in Biology and Medicine}
}
@article{Dounias2006AutomatedIO,
  title={Automated identification of cancerous smears using various competitive intelligent techniques.},
  author={Georgios D. Dounias and Beth Bjerregaard and Jan Jantzen and Athanasios Tsakonas and Nikolaos Ampazis and Georgia Panagi and Evangelia Panourgias},
  journal={Oncology reports},
  year={2006},
  volume={15 Spec no.},
  pages={
          1001-6
        }
}
@inproceedings{asljkhdjaskdj,
author = {Ampazis, Nicholas and Dounias, George and Jantzen, Jan},
year = {2004},
month = {01},
pages = {},
title = {Efficient second order neural network training algorithms for the construction of a Pap-smear classifier},
volume = {3025},
journal = {Lecture Notes in Artificial Intelligence}
}

@inproceedings{86c7f5c1a9f84a7484731dd71671c563,
title = "Analysis of Pap-smear Image Data",
author = "Jan Jantzen and George Dounias",
year = "2006",
language = "English",
booktitle = "Proceedings of the Nature-Inspired Smart Information Systems 2nd Annual Symposium",
publisher = "NiSIS",
note = "Nature-Inspired Smart Information Systems 2nd Annual Symposium ; Conference date: 01-01-2006",

}

@INPROCEEDINGS{8451588,

  author={Plissiti, Marina E. and Dimitrakopoulos, P. and Sfikas, G. and Nikou, Christophoros and Krikoni, O. and Charchanti, A.},

  booktitle={2018 25th IEEE International Conference on Image Processing (ICIP)}, 

  title={Sipakmed: A New Dataset for Feature and Image Based Classification of Normal and Pathological Cervical Cells in Pap Smear Images}, 

  year={2018},

  volume={},

  number={},

  pages={3144-3148},

  doi={10.1109/ICIP.2018.8451588}}

@article{Hussain2020,
  doi = {10.1016/j.dib.2020.105589},
  url = {https://doi.org/10.1016/j.dib.2020.105589},
  year = {2020},
  month = jun,
  publisher = {Elsevier {BV}},
  volume = {30},
  pages = {105589},
  author = {Elima Hussain and Lipi B. Mahanta and Himakshi Borah and Chandana Ray Das},
  title = {Liquid based-cytology Pap smear dataset for automated multi-class diagnosis of pre-cancerous and cervical cancer lesions},
  journal = {Data in Brief}
}
@article{Zhao2022,
  doi = {10.1007/s11042-022-12670-0},
  url = {https://doi.org/10.1007/s11042-022-12670-0},
  year = {2022},
  month = mar,
  publisher = {Springer Science and Business Media {LLC}},
  volume = {81},
  number = {17},
  pages = {24265--24300},
  author = {Chen Zhao and Renjun Shuai and Li Ma and Wenjia Liu and Menglin Wu},
  title = {Improving cervical cancer classification with imbalanced datasets combining taming transformers with T2T-{ViT}},
  journal = {Multimedia Tools and Applications}
}
@article{Mller2004,
  doi = {10.1016/j.ijmedinf.2003.11.024},
  url = {https://doi.org/10.1016/j.ijmedinf.2003.11.024},
  year = {2004},
  month = feb,
  publisher = {Elsevier {BV}},
  volume = {73},
  number = {1},
  pages = {1--23},
  author = {Henning M\"{u}ller and Nicolas Michoux and David Bandon and Antoine Geissbuhler},
  title = {A review of content-based image retrieval systems in medical applications{\textemdash}clinical benefits and future directions},
  journal = {International Journal of Medical Informatics}
}
@ARTICLE{9606873,  author={Sampaio, Ana Filipa and Rosado, Luís and Vasconcelos, Maria João M.},  journal={IEEE Access},   title={Towards the Mobile Detection of Cervical Lesions: A Region-Based Approach for the Analysis of Microscopic Images},   year={2021},  volume={9},  number={},  pages={152188-152205},  doi={10.1109/ACCESS.2021.3126486}}

@ARTICLE{9513282,
author={Huang, Jinjie and Yang, Guihua and Li, Biao and He, Yongjun and Liang, Yani},
journal={IEEE Access}, 
title={Segmentation of Cervical Cell Images Based on Generative Adversarial Networks}, 
year={2021},
volume={9},
number={},
pages={115415-115428},
doi={10.1109/ACCESS.2021.3104609}}

@article{Ilyas2022,
  doi = {10.1016/j.neunet.2022.02.020},
  url = {https://doi.org/10.1016/j.neunet.2022.02.020},
  year = {2022},
  month = jul,
  publisher = {Elsevier {BV}},
  volume = {151},
  pages = {1--15},
  author = {Talha Ilyas and Zubaer Ibna Mannan and Abbas Khan and Sami Azam and Hyongsuk Kim and Friso De Boer},
  title = {{TSFD}-Net: Tissue specific feature distillation network for nuclei segmentation and classification},
  journal = {Neural Networks}
}
@inproceedings{Boytsov2013EngineeringEA,
  title={Engineering Efficient and Effective Non-metric Space Library},
  author={Leonid Boytsov and Bilegsaikhan Naidan},
  booktitle={Similarity Search and Applications},
  year={2013}
}
@article{Malkov2016EfficientAR,
  title={Efficient and Robust Approximate Nearest Neighbor Search Using Hierarchical Navigable Small World Graphs},
  author={Yu A. Malkov and Dmitry A. Yashunin},
  journal={IEEE Transactions on Pattern Analysis and Machine Intelligence},
  year={2016},
  volume={42},
  pages={824-836}
}
@misc{10.48550/arxiv.1807.05614,
  doi = {10.48550/ARXIV.1807.05614},
  url = {https://arxiv.org/abs/1807.05614},
  author = {Aum\"{u}ller,  Martin and Bernhardsson,  Erik and Faithfull,  Alexander},
  keywords = {Information Retrieval (cs.IR),  Databases (cs.DB),  FOS: Computer and information sciences,  FOS: Computer and information sciences,  H.3.3},
  title = {ANN-Benchmarks: A Benchmarking Tool for Approximate Nearest Neighbor Algorithms},
  publisher = {arXiv},
  year = {2018},
  copyright = {Creative Commons Attribution 4.0 International}
}